% Encoding: UTF-8

@InProceedings{mihalcea2004textrank,
  author       = {Mihalcea, Rada and Tarau, Paul},
  title        = {TextRank: Bringing order into texts},
  year         = {2004},
  organization = {Association for Computational Linguistics},
}

@Article{danesh2015sgrank,
  author  = {Danesh, Soheil and Sumner, Tamara and Martin, James H},
  title   = {SGRank: Combining Statistical and Graphical Methods to Improve the State of the Art in Unsupervised Keyphrase Extraction},
  journal = {Lexical and Computational Semantics (* SEM 2015)},
  year    = {2015},
  pages   = {117},
}

@InProceedings{hasan2010conundrums,
  author       = {Hasan, Kazi Saidul and Ng, Vincent},
  title        = {Conundrums in unsupervised keyphrase extraction: making sense of the state-of-the-art},
  booktitle    = {Proceedings of the 23rd International Conference on Computational Linguistics: Posters},
  year         = {2010},
  pages        = {365--373},
  organization = {Association for Computational Linguistics},
}

@InProceedings{witten1999kea,
  author       = {Witten, Ian H and Paynter, Gordon W and Frank, Eibe and Gutwin, Carl and Nevill-Manning, Craig G},
  title        = {KEA: Practical automatic keyphrase extraction},
  booktitle    = {Proceedings of the fourth ACM conference on Digital libraries},
  year         = {1999},
  pages        = {254--255},
  organization = {ACM},
}

@InProceedings{kim2010semeval,
  author       = {Kim, Su Nam and Medelyan, Olena and Kan, Min-Yen and Baldwin, Timothy},
  title        = {Semeval-2010 task 5: Automatic keyphrase extraction from scientific articles},
  booktitle    = {Proceedings of the 5th International Workshop on Semantic Evaluation},
  year         = {2010},
  pages        = {21--26},
  organization = {Association for Computational Linguistics},
}

@InProceedings{medelyan2009human,
  author       = {Medelyan, Olena and Frank, Eibe and Witten, Ian H},
  title        = {Human-competitive tagging using automatic keyphrase extraction},
  booktitle    = {Proceedings of the 2009 Conference on Empirical Methods in Natural Language Processing: Volume 3-Volume 3},
  year         = {2009},
  pages        = {1318--1327},
  organization = {Association for Computational Linguistics},
}

@InProceedings{hasan2014automatic,
  author    = {Hasan, Kazi Saidul and Ng, Vincent},
  title     = {Automatic Keyphrase Extraction: A Survey of the State of the Art.},
  booktitle = {ACL (1)},
  year      = {2014},
  pages     = {1262--1273},
}

@InProceedings{bougouin2013topicrank,
  author    = {Bougouin, Adrien and Boudin, Florian and Daille, B{\'e}atrice},
  title     = {Topicrank: Graph-based topic ranking for keyphrase extraction},
  booktitle = {International Joint Conference on Natural Language Processing (IJCNLP)},
  year      = {2013},
  pages     = {543--551},
}

@Article{el2009kp,
  author    = {El-Beltagy, Samhaa R and Rafea, Ahmed},
  title     = {KP-Miner: A keyphrase extraction system for English and Arabic documents},
  journal   = {Information Systems},
  year      = {2009},
  volume    = {34},
  number    = {1},
  pages     = {132--144},
  publisher = {Elsevier},
}

@InProceedings{nguyen2010wingnus,
  author       = {Nguyen, Thuy Dung and Luong, Minh-Thang},
  title        = {WINGNUS: Keyphrase extraction utilizing document logical structure},
  booktitle    = {Proceedings of the 5th international workshop on semantic evaluation},
  year         = {2010},
  pages        = {166--169},
  organization = {Association for Computational Linguistics},
}

@InProceedings{lopez2010humb,
  author       = {Lopez, Patrice and Romary, Laurent},
  title        = {HUMB: Automatic key term extraction from scientific articles in GROBID},
  booktitle    = {Proceedings of the 5th international workshop on semantic evaluation},
  year         = {2010},
  pages        = {248--251},
  organization = {Association for Computational Linguistics},
}

@Article{turney2000learning,
  author    = {Turney, Peter D},
  title     = {Learning algorithms for keyphrase extraction},
  journal   = {Information retrieval},
  year      = {2000},
  volume    = {2},
  number    = {4},
  pages     = {303--336},
  publisher = {Springer},
}

@InProceedings{liu2009clustering,
  author       = {Liu, Zhiyuan and Li, Peng and Zheng, Yabin and Sun, Maosong},
  title        = {Clustering to find exemplar terms for keyphrase extraction},
  booktitle    = {Proceedings of the 2009 Conference on Empirical Methods in Natural Language Processing: Volume 1-Volume 1},
  year         = {2009},
  pages        = {257--266},
  organization = {Association for Computational Linguistics},
}

@Article{chuang2012without,
  author    = {Chuang, Jason and Manning, Christopher D and Heer, Jeffrey},
  title     = {“Without the Clutter of Unimportant Words”: Descriptive keyphrases for text visualization},
  journal   = {ACM Transactions on Computer-Human Interaction (TOCHI)},
  year      = {2012},
  volume    = {19},
  number    = {3},
  pages     = {19},
  publisher = {ACM},
}

@InProceedings{hammouda2005corephrase,
  author       = {Hammouda, Khaled M and Matute, Diego N and Kamel, Mohamed S},
  title        = {Corephrase: Keyphrase extraction for document clustering},
  booktitle    = {International Workshop on Machine Learning and Data Mining in Pattern Recognition},
  year         = {2005},
  pages        = {265--274},
  organization = {Springer},
}

@InProceedings{litvak2008graph,
  author       = {Litvak, Marina and Last, Mark},
  title        = {Graph-based keyword extraction for single-document summarization},
  booktitle    = {Proceedings of the workshop on Multi-source Multilingual Information Extraction and Summarization},
  year         = {2008},
  pages        = {17--24},
  organization = {Association for Computational Linguistics},
}

@InProceedings{hulth2006study,
  author       = {Hulth, Anette and Megyesi, Be{\'a}ta B},
  title        = {A study on automatically extracted keywords in text categorization},
  booktitle    = {Proceedings of the 21st International Conference on Computational Linguistics and the 44th annual meeting of the Association for Computational Linguistics},
  year         = {2006},
  pages        = {537--544},
  organization = {Association for Computational Linguistics},
}

@Article{gutwin1999improving,
  author    = {Gutwin, Carl and Paynter, Gordon and Witten, Ian and Nevill-Manning, Craig and Frank, Eibe},
  title     = {Improving browsing in digital libraries with keyphrase indexes},
  journal   = {Decision Support Systems},
  year      = {1999},
  volume    = {27},
  number    = {1},
  pages     = {81--104},
  publisher = {Elsevier},
}

@Article{gulla2007ontology,
  author    = {Gulla, Jon and Borch, Hans and Ingvaldsen, Jon},
  title     = {Ontology learning for search applications},
  journal   = {On the Move to Meaningful Internet Systems 2007: CoopIS, DOA, ODBASE, GADA, and IS},
  year      = {2007},
  pages     = {1050--1062},
  publisher = {Springer},
}

@InProceedings{song2006keyphrase,
  author       = {Song, Min and Song, Il Yeol and Allen, Robert B and Obradovic, Zoran},
  title        = {Keyphrase extraction-based query expansion in digital libraries},
  booktitle    = {Proceedings of the 6th ACM/IEEE-CS joint conference on Digital libraries},
  year         = {2006},
  pages        = {202--209},
  organization = {ACM},
}

@TechReport{page1999pagerank,
  author      = {Page, Lawrence and Brin, Sergey and Motwani, Rajeev and Winograd, Terry},
  title       = {The PageRank citation ranking: Bringing order to the web.},
  institution = {Stanford InfoLab},
  year        = {1999},
}

@Article{brin1998can,
  author  = {Brin, Sergey and Motwani, Rajeev and Page, Lawrence and Winograd, Terry},
  title   = {What can you do with a web in your pocket?},
  journal = {IEEE Data Eng. Bull.},
  year    = {1998},
  volume  = {21},
  number  = {2},
  pages   = {37--47},
}

@InProceedings{hulth2003improved,
  author       = {Hulth, Anette},
  title        = {Improved automatic keyword extraction given more linguistic knowledge},
  booktitle    = {Proceedings of the 2003 conference on Empirical methods in natural language processing},
  year         = {2003},
  pages        = {216--223},
  organization = {Association for Computational Linguistics},
}

@InProceedings{collins2009parallel,
  author       = {Collins, Christopher and Viegas, Fernanda B and Wattenberg, Martin},
  title        = {Parallel tag clouds to explore and analyze faceted text corpora},
  booktitle    = {Visual Analytics Science and Technology, 2009. VAST 2009. IEEE Symposium on},
  year         = {2009},
  pages        = {91--98},
  organization = {IEEE},
}

@Article{augenstein2017semeval,
  author  = {Augenstein, Isabelle and Das, Mrinal and Riedel, Sebastian and Vikraman, Lakshmi and McCallum, Andrew},
  title   = {SemEval 2017 Task 10: ScienceIE-Extracting Keyphrases and Relations from Scientific Publications},
  journal = {arXiv preprint arXiv:1704.02853},
  year    = {2017},
}

@Article{matsuo2004keyword,
  author    = {Matsuo, Yutaka and Ishizuka, Mitsuru},
  title     = {Keyword extraction from a single document using word co-occurrence statistical information},
  journal   = {International Journal on Artificial Intelligence Tools},
  year      = {2004},
  volume    = {13},
  number    = {01},
  pages     = {157--169},
  publisher = {World Scientific},
}

@InProceedings{mikolov2013distributed,
  author    = {Mikolov, Tomas and Sutskever, Ilya and Chen, Kai and Corrado, Greg S and Dean, Jeff},
  title     = {Distributed representations of words and phrases and their compositionality},
  booktitle = {Advances in neural information processing systems},
  year      = {2013},
  pages     = {3111--3119},
}

@InProceedings{wu2010automatic,
  author       = {Wu, Wei and Zhang, Bin and Ostendorf, Mari},
  title        = {Automatic generation of personalized annotation tags for twitter users},
  booktitle    = {Human language technologies: The 2010 annual conference of the North American chapter of the association for computational linguistics},
  year         = {2010},
  pages        = {689--692},
  organization = {Association for Computational Linguistics},
}

@InProceedings{wang2015using,
  author       = {Wang, Rui and Liu, Wei and McDonald, Chris},
  title        = {Using word embeddings to enhance keyword identification for scientific publications},
  booktitle    = {Australasian Database Conference},
  year         = {2015},
  pages        = {257--268},
  organization = {Springer},
}

@InProceedings{liu2010automatic,
  author       = {Liu, Zhiyuan and Huang, Wenyi and Zheng, Yabin and Sun, Maosong},
  title        = {Automatic keyphrase extraction via topic decomposition},
  booktitle    = {Proceedings of the 2010 conference on empirical methods in natural language processing},
  year         = {2010},
  pages        = {366--376},
  organization = {Association for Computational Linguistics},
}

@Article{bojanowski2016enriching,
  author  = {Bojanowski, Piotr and Grave, Edouard and Joulin, Armand and Mikolov, Tomas},
  title   = {Enriching word vectors with subword information},
  journal = {arXiv preprint arXiv:1607.04606},
  year    = {2016},
}

@InProceedings{pennington2014glove,
  author    = {Pennington, Jeffrey and Socher, Richard and Manning, Christopher D},
  title     = {Glove: Global Vectors for Word Representation.},
  booktitle = {EMNLP},
  year      = {2014},
  volume    = {14},
  pages     = {1532--1543},
}

@InProceedings{santos2014learning,
  author    = {Santos, Cicero D and Zadrozny, Bianca},
  title     = {Learning character-level representations for part-of-speech tagging},
  booktitle = {Proceedings of the 31st International Conference on Machine Learning (ICML-14)},
  year      = {2014},
  pages     = {1818--1826},
}

@Article{collobert2011natural,
  author  = {Collobert, Ronan and Weston, Jason and Bottou, L{\'e}on and Karlen, Michael and Kavukcuoglu, Koray and Kuksa, Pavel},
  title   = {Natural language processing (almost) from scratch},
  journal = {Journal of Machine Learning Research},
  year    = {2011},
  volume  = {12},
  number  = {Aug},
  pages   = {2493--2537},
}

@Article{dai2015document,
  author  = {Dai, Andrew M and Olah, Christopher and Le, Quoc V},
  title   = {Document embedding with paragraph vectors},
  journal = {arXiv preprint arXiv:1507.07998},
  year    = {2015},
}

@Article{bengio2003neural,
  author  = {Bengio, Yoshua and Ducharme, R{\'e}jean and Vincent, Pascal and Jauvin, Christian},
  title   = {A neural probabilistic language model},
  journal = {Journal of machine learning research},
  year    = {2003},
  volume  = {3},
  number  = {Feb},
  pages   = {1137--1155},
}

@Article{mikolov2013efficient,
  author  = {Mikolov, Tomas and Chen, Kai and Corrado, Greg and Dean, Jeffrey},
  title   = {Efficient estimation of word representations in vector space},
  journal = {arXiv preprint arXiv:1301.3781},
  year    = {2013},
}

@InProceedings{le2014distributed,
  author    = {Le, Quoc and Mikolov, Tomas},
  title     = {Distributed representations of sentences and documents},
  booktitle = {Proceedings of the 31st International Conference on Machine Learning (ICML-14)},
  year      = {2014},
  pages     = {1188--1196},
}

@InProceedings{collobert2008unified,
  author       = {Collobert, Ronan and Weston, Jason},
  title        = {A unified architecture for natural language processing: Deep neural networks with multitask learning},
  booktitle    = {Proceedings of the 25th international conference on Machine learning},
  year         = {2008},
  pages        = {160--167},
  organization = {ACM},
}

@Article{joulin2016bag,
  author  = {Joulin, Armand and Grave, Edouard and Bojanowski, Piotr and Mikolov, Tomas},
  title   = {Bag of tricks for efficient text classification},
  journal = {arXiv preprint arXiv:1607.01759},
  year    = {2016},
}

@InProceedings{baroni2014don,
  author    = {Baroni, Marco and Dinu, Georgiana and Kruszewski, Germ{\'a}n},
  title     = {Don't count, predict! A systematic comparison of context-counting vs. context-predicting semantic vectors.},
  booktitle = {ACL (1)},
  year      = {2014},
  pages     = {238--247},
}

@Comment{jabref-meta: databaseType:bibtex;}
